@inproceedings{REST2010, 
author={D. Guinard and V. Trifa and E. Wilde}, 
booktitle={Internet of Things (IOT), 2010}, 
title={A resource oriented architecture for the Web of Things}, 
year={2010}, 
pages={1-8}, 
doi={10.1109/IOT.2010.5678452}, 
url={http://www.vs.inf.ethz.ch/publ/papers/dguinard-things-2010.pdf},
institution={Inst. for Pervasive Computing ETH Zurich and SAP Research},
location={Zurich, CHE},
month={Nov},
}

@phdthesis{Fielding2000,
 author = {Fielding, Roy Thomas},
 title = {Architectural Styles and the Design of Network-based Software Architectures},
 year = {2000},
 note = {AAI9980887},
 publisher = {University of California, Irvine},
} 

@book{Bass2003,
 author = {Bass, Len and Clements, Paul and Kazman, Rick},
 title = {Software Architecture in Practice},
 year = {2003},
 edition = {2nd},
 publisher = {Addison-Wesley Professional},
} 

@book{Shaw1996,
 author = {Shaw, Mary and Garlan, David},
 title = {Software Architecture: Perspectives on an Emerging Discipline},
 year = {1996},
 publisher = {Prentice-Hall, Inc.},
 address = {Upper Saddle River, NJ, USA},
} 

@book{Ruby2007,
 author = {Richardson, Leonard and Ruby, Sam},
 title = {Restful Web Services},
 year = {2007},
 edition = {1st},
 publisher = {O'Reilly},
} 

@rfc{BernersLee1998,
 author = {Berners-Lee, T. and Fielding, R. and Masinter, L.},
 title = {Uniform Resource Identifiers (URI): Generic Syntax},
 year = {1998},
 publisher = {RFC Editor},
 url={https://tools.ietf.org/html/rfc3986},
 address = {United States},
} 

@rfc{RFC7519,
	series =	{Request for Comments},
	number=		7519,
	howpublished=	{RFC 7519},
	publisher =	{RFC Editor},
	doi =		{10.17487/rfc7519},
	url =		{https://rfc-editor.org/rfc/rfc7519.txt},
	author=		{Michael Jones and John Bradley and Nat Sakimura},
	title=		{{JSON Web Token (JWT)}},
	pagetotal =	30,
	year =		2015,
	month =		oct,
	day =		14,
}

@inproceedings{Smaragdakis2004,
 author = {Smaragdakis, Yannis and Huang, Shan Shan and Zook, David},
 title = {Program Generators and the Tools to Make Them},
 booktitle = {Proceedings of the 2004 ACM SIGPLAN Symposium on Partial Evaluation and Semantics-based Program Manipulation},
 series = {PEPM '04},
 year = {2004},
 isbn = {1-58113-835-0},
 location = {Verona, Italy},
 pages = {92--100},
 numpages = {9},
 url = {http://doi.acm.org/10.1145/1014007.1014017},
 doi = {10.1145/1014007.1014017},
 acmid = {1014017},
 publisher = {ACM},
 address = {New York, NY, USA},
} 

@book{Wandmacher1993,
  title={Software-Ergonomie},
  author={Wandmacher, J.},
  isbn={9783110129717},
  lccn={93208385},
  series={Grundwissen},
  url={https://books.google.de/books?id=16Uxgmvacm0C},
  year={1993},
  publisher={de Gruyter}
}

@article{Moran1981,
  title={The command language grammar: A representation for the user interface of interactive computer systems},
  author={Moran, Thomas P},
  journal={International journal of man-machine studies},
  volume={15},
  number={1},
  pages={3--50},
  year={1981},
  publisher={Academic Press}
}

@misc{ISO9241-110,
  added-at = {2008-10-23T15:49:48.000+0200},
  author = {?},
  biburl = {http://www.bibsonomy.org/bibtex/203bf1a2bbb037ca3387a47781ee5d9b3/joergh},
  interhash = {e31d75d8a23b55fd841d00a703c33559},
  intrahash = {03bf1a2bbb037ca3387a47781ee5d9b3},
  keywords = {110 9241 DIN EN Ergonomie ISO},
  month = {09},
  number = {DIN EN ISO 9241-110},
  timestamp = {2008-10-23T15:49:48.000+0200},
  title = {Ergonomie der Mensch-System-Interaktion - Teil 110: Grunds√§tze der Dialoggestaltung (ISO 9241-110)},
  type = {Norm},
  year = 2008
}

@book{Vogel2011,
 author = {Vogel, Oliver and Arnold, Ingo and Chughtai, Arif and Kehrer, Timo},
 title = {Software Architecture: A Comprehensive Framework and Guide for Practitioners},
 year = {2011},
 isbn = {3642197353, 9783642197352},
 publisher = {Springer Publishing Company, Incorporated},
}

@book{Herczeg2009,
    author = {Herczeg, Michael},
    posted-at = {2011-01-05 10:41:45},
    priority = {2},
    publisher = {Oldenbourg},
    title = {{Software-Ergonomie. Theorien, Modelle und Kriterien f\"{u}r gebrauchstaugliche interaktive Computersysteme}},
    year = {2009}
}

@incollection{Karat1988,
title = "Chapter 41 - Software Evaluation Methodologies ",
editor = "HELANDER, MARTIN ",
booktitle = "Handbook of Human-Computer Interaction ",
publisher = "North-Holland",
address = "Amsterdam",
year = "1988",
pages = "891 - 903",
isbn = "978-0-444-70536-5",
doi = "http://dx.doi.org/10.1016/B978-0-444-70536-5.50046-4",
author = "John Karat"
}













